%YAML 1.1
%TAG !u! tag:unity3d.com,2011:
--- !u!1 &812271824996713406
GameObject:
  m_ObjectHideFlags: 0
  m_CorrespondingSourceObject: {fileID: 0}
  m_PrefabInstance: {fileID: 0}
  m_PrefabAsset: {fileID: 0}
  serializedVersion: 6
  m_Component:
  - component: {fileID: 2305081208747689459}
  - component: {fileID: 2599258399132663217}
  - component: {fileID: 2688147480625235364}
  m_Layer: 12
  m_Name: eyes
  m_TagString: Untagged
  m_Icon: {fileID: 0}
  m_NavMeshLayer: 0
  m_StaticEditorFlags: 0
  m_IsActive: 1
--- !u!4 &2305081208747689459
Transform:
  m_ObjectHideFlags: 0
  m_CorrespondingSourceObject: {fileID: 0}
  m_PrefabInstance: {fileID: 0}
  m_PrefabAsset: {fileID: 0}
  m_GameObject: {fileID: 812271824996713406}
  m_LocalRotation: {x: -0, y: -1, z: -0, w: 0}
  m_LocalPosition: {x: 0, y: 0, z: 0}
  m_LocalScale: {x: 1, y: 0.5, z: 1}
  m_Children: []
  m_Father: {fileID: 7905191128367342478}
  m_RootOrder: 1
  m_LocalEulerAnglesHint: {x: 0, y: 0, z: 0}
--- !u!135 &2599258399132663217
SphereCollider:
  m_ObjectHideFlags: 0
  m_CorrespondingSourceObject: {fileID: 0}
  m_PrefabInstance: {fileID: 0}
  m_PrefabAsset: {fileID: 0}
  m_GameObject: {fileID: 812271824996713406}
  m_Material: {fileID: 0}
  m_IsTrigger: 1
  m_Enabled: 1
  serializedVersion: 2
  m_Radius: 10
  m_Center: {x: 0, y: 0, z: 0}
--- !u!114 &2688147480625235364
MonoBehaviour:
  m_ObjectHideFlags: 0
  m_CorrespondingSourceObject: {fileID: 0}
  m_PrefabInstance: {fileID: 0}
  m_PrefabAsset: {fileID: 0}
  m_GameObject: {fileID: 812271824996713406}
  m_Enabled: 1
  m_EditorHideFlags: 0
  m_Script: {fileID: 11500000, guid: dc25d114e8b65df47949584bfda37189, type: 3}
  m_Name: 
  m_EditorClassIdentifier: 
  Entity: []
--- !u!1 &3907982299152618780
GameObject:
  m_ObjectHideFlags: 0
  m_CorrespondingSourceObject: {fileID: 0}
  m_PrefabInstance: {fileID: 0}
  m_PrefabAsset: {fileID: 0}
  serializedVersion: 6
  m_Component:
  - component: {fileID: 8291298825797294930}
  - component: {fileID: 4582697158853351763}
  m_Layer: 0
  m_Name: select
  m_TagString: Untagged
  m_Icon: {fileID: 0}
  m_NavMeshLayer: 0
  m_StaticEditorFlags: 0
  m_IsActive: 0
--- !u!4 &8291298825797294930
Transform:
  m_ObjectHideFlags: 0
  m_CorrespondingSourceObject: {fileID: 0}
  m_PrefabInstance: {fileID: 0}
  m_PrefabAsset: {fileID: 0}
  m_GameObject: {fileID: 3907982299152618780}
  m_LocalRotation: {x: 0.7071068, y: -0, z: -0, w: 0.7071068}
  m_LocalPosition: {x: 0, y: -0.49999997, z: 0}
  m_LocalScale: {x: 1, y: 1, z: 1}
  m_Children: []
  m_Father: {fileID: 7905191128367342478}
  m_RootOrder: 3
  m_LocalEulerAnglesHint: {x: 90, y: 0, z: 0}
--- !u!212 &4582697158853351763
SpriteRenderer:
  m_ObjectHideFlags: 0
  m_CorrespondingSourceObject: {fileID: 0}
  m_PrefabInstance: {fileID: 0}
  m_PrefabAsset: {fileID: 0}
  m_GameObject: {fileID: 3907982299152618780}
  m_Enabled: 1
  m_CastShadows: 0
  m_ReceiveShadows: 0
  m_DynamicOccludee: 1
  m_MotionVectors: 1
  m_LightProbeUsage: 1
  m_ReflectionProbeUsage: 1
  m_RenderingLayerMask: 1
  m_RendererPriority: 0
  m_Materials:
  - {fileID: 10754, guid: 0000000000000000f000000000000000, type: 0}
  m_StaticBatchInfo:
    firstSubMesh: 0
    subMeshCount: 0
  m_StaticBatchRoot: {fileID: 0}
  m_ProbeAnchor: {fileID: 0}
  m_LightProbeVolumeOverride: {fileID: 0}
  m_ScaleInLightmap: 1
  m_PreserveUVs: 0
  m_IgnoreNormalsForChartDetection: 0
  m_ImportantGI: 0
  m_StitchLightmapSeams: 0
  m_SelectedEditorRenderState: 0
  m_MinimumChartSize: 4
  m_AutoUVMaxDistance: 0.5
  m_AutoUVMaxAngle: 89
  m_LightmapParameters: {fileID: 0}
  m_SortingLayerID: 0
  m_SortingLayer: 0
  m_SortingOrder: 0
  m_Sprite: {fileID: 21300000, guid: b80444edbdfa1eb4c96a0dfa48b79352, type: 3}
  m_Color: {r: 1, g: 0, b: 0, a: 1}
  m_FlipX: 0
  m_FlipY: 0
  m_DrawMode: 0
  m_Size: {x: 5, y: 5}
  m_AdaptiveModeThreshold: 0.5
  m_SpriteTileMode: 0
  m_WasSpriteAssigned: 1
  m_MaskInteraction: 0
  m_SpriteSortPoint: 0
--- !u!1 &7905191128367342479
GameObject:
  m_ObjectHideFlags: 0
  m_CorrespondingSourceObject: {fileID: 0}
  m_PrefabInstance: {fileID: 0}
  m_PrefabAsset: {fileID: 0}
  serializedVersion: 6
  m_Component:
  - component: {fileID: 7905191128367342478}
  - component: {fileID: 7905191128367342466}
  - component: {fileID: 7905191128367342467}
  - component: {fileID: 7905191128367342464}
  - component: {fileID: 7905191128367342465}
  - component: {fileID: 7905191128367342469}
  - component: {fileID: 2231033252179037856}
  m_Layer: 10
  m_Name: MeleeEnemy
  m_TagString: Untagged
  m_Icon: {fileID: 0}
  m_NavMeshLayer: 0
  m_StaticEditorFlags: 0
  m_IsActive: 1
--- !u!4 &7905191128367342478
Transform:
  m_ObjectHideFlags: 0
  m_CorrespondingSourceObject: {fileID: 0}
  m_PrefabInstance: {fileID: 0}
  m_PrefabAsset: {fileID: 0}
  m_GameObject: {fileID: 7905191128367342479}
  m_LocalRotation: {x: 0, y: 1, z: 0, w: 0}
  m_LocalPosition: {x: 0, y: 0.1, z: 0}
  m_LocalScale: {x: 0.099999994, y: 0.19999999, z: 0.099999994}
  m_Children:
  - {fileID: 268251919029978477}
  - {fileID: 2305081208747689459}
  - {fileID: 7656418390451232819}
  - {fileID: 8291298825797294930}
  - {fileID: 6931447030656994038}
  m_Father: {fileID: 0}
  m_RootOrder: 0
  m_LocalEulerAnglesHint: {x: 0, y: 180, z: 0}
--- !u!33 &7905191128367342466
MeshFilter:
  m_ObjectHideFlags: 0
  m_CorrespondingSourceObject: {fileID: 0}
  m_PrefabInstance: {fileID: 0}
  m_PrefabAsset: {fileID: 0}
  m_GameObject: {fileID: 7905191128367342479}
  m_Mesh: {fileID: 10202, guid: 0000000000000000e000000000000000, type: 0}
--- !u!23 &7905191128367342467
MeshRenderer:
  m_ObjectHideFlags: 0
  m_CorrespondingSourceObject: {fileID: 0}
  m_PrefabInstance: {fileID: 0}
  m_PrefabAsset: {fileID: 0}
  m_GameObject: {fileID: 7905191128367342479}
  m_Enabled: 1
  m_CastShadows: 1
  m_ReceiveShadows: 1
  m_DynamicOccludee: 1
  m_MotionVectors: 1
  m_LightProbeUsage: 1
  m_ReflectionProbeUsage: 1
  m_RenderingLayerMask: 1
  m_RendererPriority: 0
  m_Materials:
  - {fileID: 2100000, guid: 50a84b59d0d52964995312c38a6cba91, type: 2}
  m_StaticBatchInfo:
    firstSubMesh: 0
    subMeshCount: 0
  m_StaticBatchRoot: {fileID: 0}
  m_ProbeAnchor: {fileID: 0}
  m_LightProbeVolumeOverride: {fileID: 0}
  m_ScaleInLightmap: 1
  m_PreserveUVs: 0
  m_IgnoreNormalsForChartDetection: 0
  m_ImportantGI: 0
  m_StitchLightmapSeams: 0
  m_SelectedEditorRenderState: 3
  m_MinimumChartSize: 4
  m_AutoUVMaxDistance: 0.5
  m_AutoUVMaxAngle: 89
  m_LightmapParameters: {fileID: 0}
  m_SortingLayerID: 0
  m_SortingLayer: 0
  m_SortingOrder: 0
--- !u!136 &7905191128367342464
CapsuleCollider:
  m_ObjectHideFlags: 0
  m_CorrespondingSourceObject: {fileID: 0}
  m_PrefabInstance: {fileID: 0}
  m_PrefabAsset: {fileID: 0}
  m_GameObject: {fileID: 7905191128367342479}
  m_Material: {fileID: 0}
  m_IsTrigger: 0
  m_Enabled: 1
  m_Radius: 0.5000001
  m_Height: 2
  m_Direction: 1
  m_Center: {x: 0.000000059604645, y: 0, z: -0.00000008940697}
--- !u!195 &7905191128367342465
NavMeshAgent:
  m_ObjectHideFlags: 0
  m_CorrespondingSourceObject: {fileID: 0}
  m_PrefabInstance: {fileID: 0}
  m_PrefabAsset: {fileID: 0}
  m_GameObject: {fileID: 7905191128367342479}
  m_Enabled: 1
  m_AgentTypeID: 0
  m_Radius: 0.5
  m_Speed: 3.5
  m_Acceleration: 20
  avoidancePriority: 50
  m_AngularSpeed: 500
  m_StoppingDistance: 0
  m_AutoTraverseOffMeshLink: 1
  m_AutoBraking: 1
  m_AutoRepath: 1
  m_Height: 1
  m_BaseOffset: 0.5
  m_WalkableMask: 4294967295
  m_ObstacleAvoidanceType: 4
--- !u!54 &7905191128367342469
Rigidbody:
  m_ObjectHideFlags: 0
  m_CorrespondingSourceObject: {fileID: 0}
  m_PrefabInstance: {fileID: 0}
  m_PrefabAsset: {fileID: 0}
  m_GameObject: {fileID: 7905191128367342479}
  serializedVersion: 2
  m_Mass: 1
  m_Drag: 0
  m_AngularDrag: 0
  m_UseGravity: 0
  m_IsKinematic: 0
  m_Interpolate: 0
  m_Constraints: 0
  m_CollisionDetection: 0
--- !u!114 &2231033252179037856
MonoBehaviour:
  m_ObjectHideFlags: 0
  m_CorrespondingSourceObject: {fileID: 0}
  m_PrefabInstance: {fileID: 0}
  m_PrefabAsset: {fileID: 0}
  m_GameObject: {fileID: 7905191128367342479}
  m_Enabled: 1
  m_EditorHideFlags: 0
  m_Script: {fileID: 11500000, guid: 13401c9011341954690c2cf61654d9bc, type: 3}
  m_Name: 
  m_EditorClassIdentifier: 
  _mortal: 1
  _marker: {fileID: 8267614336393134284}
  _selectCircle: {fileID: 3907982299152618780}
  _hp: 10
  _characteristics:
    MaxHP: 0
    Armor: 0
    Attack: 0
    AttackSpeed: 0
    AttackRange: 0
    Speed: 0
    Gold: 0
    Exp: 0
  _manualControl: 0
  _manualTarget: {fileID: 0}
  _navMeshAgent: {fileID: 7905191128367342465}
  _rangeAttack: {fileID: 8241070195744987193}
  _hpBar: {fileID: 459824548895044333}
  _settings: {fileID: 11400000, guid: 65673787e462a6344bcb306116588e96, type: 2}
  _tartgetAttack: {fileID: 0}
  _target: {fileID: 0}
  _attackRange: {fileID: 26250421741307460}
  _eyesRange: {fileID: 2688147480625235364}
--- !u!1 &8700477834986084845
GameObject:
  m_ObjectHideFlags: 0
  m_CorrespondingSourceObject: {fileID: 0}
  m_PrefabInstance: {fileID: 0}
  m_PrefabAsset: {fileID: 0}
  serializedVersion: 6
  m_Component:
  - component: {fileID: 268251919029978477}
  - component: {fileID: 8241070195744987193}
  - component: {fileID: 26250421741307460}
  m_Layer: 12
  m_Name: rangeAttack
  m_TagString: Untagged
  m_Icon: {fileID: 0}
  m_NavMeshLayer: 0
  m_StaticEditorFlags: 0
  m_IsActive: 1
--- !u!4 &268251919029978477
Transform:
  m_ObjectHideFlags: 0
  m_CorrespondingSourceObject: {fileID: 0}
  m_PrefabInstance: {fileID: 0}
  m_PrefabAsset: {fileID: 0}
  m_GameObject: {fileID: 8700477834986084845}
  m_LocalRotation: {x: -0, y: -1, z: -0, w: 0}
  m_LocalPosition: {x: 0, y: 0, z: 0}
  m_LocalScale: {x: 1, y: 0.5, z: 1}
  m_Children: []
  m_Father: {fileID: 7905191128367342478}
  m_RootOrder: 0
  m_LocalEulerAnglesHint: {x: 0, y: 0, z: 0}
--- !u!135 &8241070195744987193
SphereCollider:
  m_ObjectHideFlags: 0
  m_CorrespondingSourceObject: {fileID: 0}
  m_PrefabInstance: {fileID: 0}
  m_PrefabAsset: {fileID: 0}
  m_GameObject: {fileID: 8700477834986084845}
  m_Material: {fileID: 0}
  m_IsTrigger: 1
  m_Enabled: 1
  serializedVersion: 2
  m_Radius: 3
  m_Center: {x: 0, y: 0, z: 0}
--- !u!114 &26250421741307460
MonoBehaviour:
  m_ObjectHideFlags: 0
  m_CorrespondingSourceObject: {fileID: 0}
  m_PrefabInstance: {fileID: 0}
  m_PrefabAsset: {fileID: 0}
  m_GameObject: {fileID: 8700477834986084845}
  m_Enabled: 1
  m_EditorHideFlags: 0
  m_Script: {fileID: 11500000, guid: dc25d114e8b65df47949584bfda37189, type: 3}
  m_Name: 
  m_EditorClassIdentifier: 
  Entity: []
--- !u!1001 &5140949310414799507
PrefabInstance:
  m_ObjectHideFlags: 0
  serializedVersion: 2
  m_Modification:
    m_TransformParent: {fileID: 7905191128367342478}
    m_Modifications:
    - target: {fileID: 4064345128419161922, guid: 9579d3cee192d4941842cef4bb07e43e,
        type: 3}
      propertyPath: m_Name
      value: hpBar
      objectReference: {fileID: 0}
    - target: {fileID: 3249731809911333536, guid: 9579d3cee192d4941842cef4bb07e43e,
        type: 3}
      propertyPath: m_LocalPosition.x
      value: 0
      objectReference: {fileID: 0}
    - target: {fileID: 3249731809911333536, guid: 9579d3cee192d4941842cef4bb07e43e,
        type: 3}
      propertyPath: m_LocalPosition.y
      value: 0.7
      objectReference: {fileID: 0}
    - target: {fileID: 3249731809911333536, guid: 9579d3cee192d4941842cef4bb07e43e,
        type: 3}
      propertyPath: m_LocalPosition.z
      value: 0
      objectReference: {fileID: 0}
    - target: {fileID: 3249731809911333536, guid: 9579d3cee192d4941842cef4bb07e43e,
        type: 3}
      propertyPath: m_LocalRotation.x
      value: 0
      objectReference: {fileID: 0}
    - target: {fileID: 3249731809911333536, guid: 9579d3cee192d4941842cef4bb07e43e,
        type: 3}
      propertyPath: m_LocalRotation.y
      value: 0
      objectReference: {fileID: 0}
    - target: {fileID: 3249731809911333536, guid: 9579d3cee192d4941842cef4bb07e43e,
        type: 3}
      propertyPath: m_LocalRotation.z
      value: 0
      objectReference: {fileID: 0}
    - target: {fileID: 3249731809911333536, guid: 9579d3cee192d4941842cef4bb07e43e,
        type: 3}
      propertyPath: m_LocalRotation.w
      value: 1
      objectReference: {fileID: 0}
    - target: {fileID: 3249731809911333536, guid: 9579d3cee192d4941842cef4bb07e43e,
        type: 3}
      propertyPath: m_RootOrder
      value: 2
      objectReference: {fileID: 0}
    - target: {fileID: 3249731809911333536, guid: 9579d3cee192d4941842cef4bb07e43e,
        type: 3}
      propertyPath: m_LocalEulerAnglesHint.x
      value: 0
      objectReference: {fileID: 0}
    - target: {fileID: 3249731809911333536, guid: 9579d3cee192d4941842cef4bb07e43e,
        type: 3}
      propertyPath: m_LocalEulerAnglesHint.y
      value: 0
      objectReference: {fileID: 0}
    - target: {fileID: 3249731809911333536, guid: 9579d3cee192d4941842cef4bb07e43e,
        type: 3}
      propertyPath: m_LocalEulerAnglesHint.z
      value: 0
      objectReference: {fileID: 0}
    m_RemovedComponents: []
  m_SourcePrefab: {fileID: 100100000, guid: 9579d3cee192d4941842cef4bb07e43e, type: 3}
--- !u!4 &7656418390451232819 stripped
Transform:
  m_CorrespondingSourceObject: {fileID: 3249731809911333536, guid: 9579d3cee192d4941842cef4bb07e43e,
    type: 3}
  m_PrefabInstance: {fileID: 5140949310414799507}
  m_PrefabAsset: {fileID: 0}
--- !u!114 &459824548895044333 stripped
MonoBehaviour:
  m_CorrespondingSourceObject: {fileID: 4700014001930956926, guid: 9579d3cee192d4941842cef4bb07e43e,
    type: 3}
  m_PrefabInstance: {fileID: 5140949310414799507}
  m_PrefabAsset: {fileID: 0}
  m_GameObject: {fileID: 0}
  m_Enabled: 1
  m_EditorHideFlags: 0
  m_Script: {fileID: 11500000, guid: 0e23cb9e279d6124d89a1e6e5e8704c5, type: 3}
  m_Name: 
  m_EditorClassIdentifier: 
--- !u!1001 &9085950426678706567
PrefabInstance:
  m_ObjectHideFlags: 0
  serializedVersion: 2
  m_Modification:
    m_TransformParent: {fileID: 7905191128367342478}
    m_Modifications:
    - target: {fileID: 913017590985359691, guid: c885cf27696452048b589e5347fe1178,
        type: 3}
      propertyPath: m_Name
      value: MarkerUnit
      objectReference: {fileID: 0}
    - target: {fileID: 913017590985359691, guid: c885cf27696452048b589e5347fe1178,
        type: 3}
      propertyPath: m_IsActive
      value: 0
      objectReference: {fileID: 0}
    - target: {fileID: 2172623567261354865, guid: c885cf27696452048b589e5347fe1178,
        type: 3}
      propertyPath: m_LocalPosition.x
      value: 0
      objectReference: {fileID: 0}
    - target: {fileID: 2172623567261354865, guid: c885cf27696452048b589e5347fe1178,
        type: 3}
      propertyPath: m_LocalPosition.y
      value: 1.3
      objectReference: {fileID: 0}
    - target: {fileID: 2172623567261354865, guid: c885cf27696452048b589e5347fe1178,
        type: 3}
      propertyPath: m_LocalPosition.z
      value: 0
      objectReference: {fileID: 0}
    - target: {fileID: 2172623567261354865, guid: c885cf27696452048b589e5347fe1178,
        type: 3}
      propertyPath: m_LocalRotation.x
      value: 0
      objectReference: {fileID: 0}
    - target: {fileID: 2172623567261354865, guid: c885cf27696452048b589e5347fe1178,
        type: 3}
      propertyPath: m_LocalRotation.y
      value: 0
      objectReference: {fileID: 0}
    - target: {fileID: 2172623567261354865, guid: c885cf27696452048b589e5347fe1178,
        type: 3}
      propertyPath: m_LocalRotation.z
      value: 0
      objectReference: {fileID: 0}
    - target: {fileID: 2172623567261354865, guid: c885cf27696452048b589e5347fe1178,
        type: 3}
      propertyPath: m_LocalRotation.w
      value: 1
      objectReference: {fileID: 0}
    - target: {fileID: 2172623567261354865, guid: c885cf27696452048b589e5347fe1178,
        type: 3}
      propertyPath: m_RootOrder
      value: 4
      objectReference: {fileID: 0}
    - target: {fileID: 2172623567261354865, guid: c885cf27696452048b589e5347fe1178,
        type: 3}
      propertyPath: m_LocalEulerAnglesHint.x
      value: 0
      objectReference: {fileID: 0}
    - target: {fileID: 2172623567261354865, guid: c885cf27696452048b589e5347fe1178,
        type: 3}
      propertyPath: m_LocalEulerAnglesHint.y
      value: 0
      objectReference: {fileID: 0}
    - target: {fileID: 2172623567261354865, guid: c885cf27696452048b589e5347fe1178,
        type: 3}
      propertyPath: m_LocalEulerAnglesHint.z
      value: 0
      objectReference: {fileID: 0}
    - target: {fileID: 2172623567261354865, guid: c885cf27696452048b589e5347fe1178,
        type: 3}
      propertyPath: m_LocalScale.x
      value: 3
      objectReference: {fileID: 0}
    - target: {fileID: 2172623567261354865, guid: c885cf27696452048b589e5347fe1178,
        type: 3}
      propertyPath: m_LocalScale.y
      value: 1
      objectReference: {fileID: 0}
    m_RemovedComponents: []
  m_SourcePrefab: {fileID: 100100000, guid: c885cf27696452048b589e5347fe1178, type: 3}
--- !u!1 &8267614336393134284 stripped
GameObject:
  m_CorrespondingSourceObject: {fileID: 913017590985359691, guid: c885cf27696452048b589e5347fe1178,
    type: 3}
  m_PrefabInstance: {fileID: 9085950426678706567}
  m_PrefabAsset: {fileID: 0}
--- !u!4 &6931447030656994038 stripped
Transform:
  m_CorrespondingSourceObject: {fileID: 2172623567261354865, guid: c885cf27696452048b589e5347fe1178,
    type: 3}
  m_PrefabInstance: {fileID: 9085950426678706567}
  m_PrefabAsset: {fileID: 0}
